@misc{w1,
	AUTHOR = "{Dra. Flor Lizeth Torres Ortiz}",
	TITLE = {{Din{\'{a}}mica de Sistemas F{\'{i}}sicos  T1}},
	HOWPUBLISHED = {\url{https://www.lizeth-torres.info/curso-din%C3%A1mica-de-sistemas-f%C3%ADsicos/}},
	NOTE = {Online; recuperado 22 Noviembre 2020} ,
	YEAR=2020}
@misc{w2,
	AUTHOR = "{ Ernesto Kofman FCEIA - Universidad Nacional de Rosarioz}",
	TITLE = {{Sistemas Continuos}},
	HOWPUBLISHED = {\url{https://www.fceia.unr.edu.ar/~kofman/files/eci_MyS_4.pdf}},
	NOTE = {Online; recuperado 22 Noviembre 2020} ,
	YEAR=2009}
@misc{w3,
	AUTHOR = "{Carlos Vera √Ålvarez INSIA (Instituto Universitario de Investigaci{\'{o}}n del Autom{\'{o}}vil)}",
	TITLE = {{Introduccion a la t{\'{e}}cnica de bond graph en la dinamica ferroviaria }},
	HOWPUBLISHED = {\url{https://ruc.udc.es/dspace/bitstream/handle/2183/10640/CC%2041%20art%2028.pdf?sequence=1&isAllowed=y}},
	NOTE = {Online; recuperado 22 Noviembre 2020},
	YEAR=2008}


